<collection xmlns="http://www.loc.gov/MARC21/slim">
<record>
  <leader>01083nam0a2200241 i 450 </leader>
  <controlfield tag="001">IT\ICCU\CNCE\015051</controlfield>
  <controlfield tag="005">20070731000000.0</controlfield>
  <datafield tag="012" ind1=" " ind2=" ">
    <subfield code="a">++++ ++++ erbi nemu (3) 1521 (R)</subfield>
    <subfield code="2">fei</subfield>
  </datafield>
  <datafield tag="100" ind1=" " ind2=" ">
    <subfield code="a">19970101d1521        0itac0103    ba</subfield>
  </datafield>
  <datafield tag="101" ind1=" " ind2=" ">
    <subfield code="a">LAT</subfield>
    <subfield code="a">ITA</subfield>
  </datafield>
  <datafield tag="102" ind1=" " ind2=" ">
    <subfield code="a">IT</subfield>
  </datafield>
  <datafield tag="200" ind1="1" ind2=" ">
    <subfield code="a">\Compendium orationum!</subfield>
  </datafield>
  <datafield tag="210" ind1=" " ind2=" ">
    <subfield code="e">Impressum Sauone</subfield>
    <subfield code="g">per Iosephum Berruerium</subfield>
    <subfield code="g">et ad instantiam domini Ieronimi et fratribus \sic! de Scarellis</subfield>
    <subfield code="h">1521 die vltima mensis Iullij</subfield>
  </datafield>
  <datafield tag="215" ind1=" " ind2=" ">
    <subfield code="a">\32!, 250 c.</subfield>
    <subfield code="c">ill.</subfield>
    <subfield code="d">16ʻ</subfield>
  </datafield>
  <datafield tag="620" ind1=" " ind2=" ">
    <subfield code="a">IT</subfield>
    <subfield code="d">Savona</subfield>
  </datafield>
  <datafield tag="712" ind1="0" ind2="0">
    <subfield code="a">Berruerio, Giuseppe</subfield>
    <subfield code="3">IT\ICCU\CNCT\000388</subfield>
    <subfield code="4">650</subfield>
  </datafield>
  <datafield tag="712" ind1="0" ind2="0">
    <subfield code="a">Scarelli, Girolamo &amp; fratelli</subfield>
    <subfield code="3">IT\ICCU\CNCT\001671</subfield>
    <subfield code="4">650</subfield>
  </datafield>
  <datafield tag="791" ind1="0" ind2="0">
    <subfield code="a">Berrueris, Iosephus de</subfield>
    <subfield code="3">IT\ICCU\CNCT\004348</subfield>
    <subfield code="z">Berruerio, Giuseppe</subfield>
  </datafield>
  <datafield tag="791" ind1="0" ind2="0">
    <subfield code="a">Berrueri, Ioseph</subfield>
    <subfield code="3">IT\ICCU\CNCT\004349</subfield>
    <subfield code="z">Berruerio, Giuseppe</subfield>
  </datafield>
  <datafield tag="791" ind1="0" ind2="0">
    <subfield code="a">Berruerius, Iosephus</subfield>
    <subfield code="3">IT\ICCU\CNCT\004350</subfield>
    <subfield code="z">Berruerio, Giuseppe</subfield>
  </datafield>
  <datafield tag="791" ind1="0" ind2="0">
    <subfield code="a">Scarellis, Ieronimus de &amp; fratelli</subfield>
    <subfield code="3">IT\ICCU\CNCT\005618</subfield>
    <subfield code="z">Scarelli, Girolamo &amp; fratelli</subfield>
  </datafield>
  <datafield tag="801" ind1=" " ind2="3">
    <subfield code="a">IT</subfield>
    <subfield code="b">ICCU</subfield>
    <subfield code="c">20201114</subfield>
  </datafield>
  <datafield tag="899" ind1=" " ind2=" ">
    <subfield code="a">Biblioteca comunale Augusta. Perugia</subfield>
    <subfield code="z">MUTILO</subfield>
    <subfield code="1">PG0109</subfield>
    <subfield code="2">UM1 01</subfield>
  </datafield>
</record>
</collection>
